@misc{web:warpCrossBenchmark,
Author = "Michael Snoyberg",
Title = "Preliminary Warp Cross-Language Benchmarks",
Month = "March",
Year = "2011",
Url = "http://www.yesodweb.com/blog/2011/03/preliminary-warp-cross-language-benchmarks",
}

@misc{web:curve25519,
Author = "D. J. Bernstein",
Title = "A state-of-the-art Diffie-Hellman function",
Month = "March",
Year = "2006",
Url = "http://cr.yp.to/ecdh.html",
}



@misc{web:blockedInChina,
Author = "blockedinchina",
Title = "Test if any website is blocked in China",
Url = "http://www.blockedinchina.net/",
}

@misc{web:iranBlocksEncryptedTraffic,
Author = "phobos",
Title = "Iran partially blocks encrypted network traffic",
Url = "https://blog.torproject.org/blog/iran-partially-blocks-encrypted-network-traffic",
}

@misc{web:sandvineInternet,
Author = "Sandvine",
Title = "Global Internet Phenomena Report 1H 2013",
Url = "https://www.sandvine.com/downloads/general/global-internet-phenomena/2013/sandvine-global-internet-phenomena-report-1h-2013.pdf",
}

@misc{web:bridgeKnock,
Author = "Tim Wilde",
Title = "Great Firewall Tor Probing",
Year = "2011",
Url = "https://gist.github.com/twilde/da3c7a9af01d74cd7de7",
}

@misc{web:torPluggableTransports,
Author = "Tor Project",
Title = "Tor Pluggable Transports Wiki Page",
Year = "2011",
Url = "https://trac.torproject.org/projects/tor/wiki/doc/PluggableTransports",
}

@misc{web:torOverview,
Author = "Tor Project",
Title = "Tor: Overview",
Year = "2011",
Url = "https://www.torproject.org/about/overview.html.en",
}


@misc{web:torBridges,
Author = "Tor Project",
Title = "Tor: Bridges",
Year = "2011",
Url = "https://www.torproject.org/docs/bridges.html.en",
}

@misc{web:openNet,
Author = "OpenNet",
Title = "OpenNet: Research",
Year = "2013",
Url = "https://opennet.net/research",
}

@misc{web:hikingGFW,
Author = "hikinggfw.com",
Title = "hikinggfw: FAQ",
Year = "2013",
Url = "http://hikinggfw.org/faq/",
}

@misc{web:guardianChinaFirewall,
 author = {Charles Arthur, Guardian},
 title = {China tightens great firewall internet control},
 year = {2012},
 url = {http://www.theguardian.com/technology/2012/dec/14/china-tightens-great-firewall-internet-control},
}

@misc{ultrareach,
 author = {ultrareach.us},
 title = {Ultrareach website},
 year = {2014},
 url = {https://ultrasurf.us/},
}

@misc{psiphon,
 author = {psiphon.ca},
 title = {Psiphon website},
 year = {2014},
 url = {http://psiphon.ca/index.php},
}

@misc{,
 author = {},
 title = {},
 year = {},
 url = {},
}

@misc{,
 author = {},
 title = {},
 year = {},
 url = {},
}

https://www.nordu.net/development/2nd-cnnw/BitTorrent-flow-behavior.pdf

@misc{web:btIntro,
 author = {bittorrent.org},
 title = {Introduction to BitTorrent},
 year = {2014},
 url = {http://www.bittorrent.org/introduction.html},
}

@misc{web:bitOrgUsers,
 author = {bittorrent.com},
 title = {BitTorrent and ÂµTorrent Software Surpass 150 Million User Milestone},
 year = {2012},
 url = {http://www.bittorrent.com/intl/es/company/about/ces_2012_150m_users},
}

@misc{web:btProtocol,
 author = {bittorrent.org},
 title = {BitTorrent protocol specification},
 year = {2014},
 url = {http://www.bittorrent.org/beps/bep_0003.html},
}

@misc{web:btUsage,
 author = {ernesto, torrentfreak},
 title = {Utorrent keeps bittorrent lead bitcomet fades away},
 year = {2011},
 url = {https://torrentfreak.com/utorrent-keeps-bittorrent-lead-bitcomet-fades-away-110916/},
}

@misc{web:oldbtUsage,
 author = {ernesto, torrentfreak},
 title = {Thunder blasts utorrents market share away},
 year = {2009},
 url = {http://torrentfreak.com/thunder-blasts-utorrents-market-share-away-091204/}
}



@inproceedings{ultrasurfSucks,
 author = {Appelbaum},
 title = {Technical analysis of the Ultrasurf proxying software},
 year = {2012},
 url = {https://media.torproject.org/misc/2012-04-16-ultrasurf-analysis.pdf},
}

@inproceedings{winterInChina,
 author = {Philip Winter},
 title = {How the Great Firewall Of China is blocking Tor Year},
 year = {2013},
}

@inproceedings{ignoringChina,
 author = {Richard Clayton},
 title = {Ignoring the Great Firewall of China},
 year = {2006},
}

@inproceedings{captainJohnson,
 author = {Aaron Johnson},
 title = {Users Get Routed: Traffic Correlation on Tor by Realistic Adversaries},
 year = {2013},
}

@inproceedings{,
 author = {},
 title = {},
 year = {},
}

@inproceedings{dnsWall,
 author = {G Lowe},
 title = {The Great DNS Wall of China},
 year = {2007},
}

@inproceedings{internetFilteringChina,
 author = {Jonathan Zittrain, Benjamin Eldman},
 title = {Empirical analysis of internet filtering in China},
 year = {2003},
 url = {http://cyber.law.harvard.edu/filtering/china/appendix-tech.html},
}

@inproceedings{spoiledOnions,
 author = {Philipp Winter, Stefan Lindskog},
 title = {Spoiled Onions: Exposing Malicious Tor Exit Relays},
 year = {2013},
 url = {http://dx.doi.org/10.1109/SP.2013.14},
}


@inproceedings{deadParrot,
 author = {Houmansadr, Amir and Brubaker, Chad and Shmatikov, Vitaly},
 title = {The Parrot Is Dead: Observing Unobservable Network Communications},
 year = {2013},
 url = {http://dx.doi.org/10.1109/SP.2013.14},
}



@misc{web:obfuscatedSSHRepo,
Author = "brl - github repo owner",
Title = "obfuscated-openssh",
Year = "2009",
Url = "https://github.com/brl/obfuscated-openssh",
}

@inproceedings{telex11,
  Author = "Eric Wustrow and Scott Wolchok and Ian Goldberg and J. Alex Halderman",
  Title = "Telex: Anticensorship in the Network Infrastructure",
  Booktitle = "Proceedings of the 20th {USENIX} Security Symposium",
  Month = "aug",
  Year = "2011",
}


@inproceedings{skypeMorph,
 author = {Mohajeri Moghaddam, Hooman and Li, Baiyu and Derakhshani, Mohammad and Goldberg, Ian},
 title = {SkypeMorph: Protocol Obfuscation for Tor Bridges},
 year = {2012},
 url = {http://doi.acm.org/10.1145/2382196.2382210},
}

@inproceedings{stegotorus,
Author = "Z. Weinberg",
Title = "StegoTorus: A camouflage proxy for the Tor anonymity system",
Year = "2012",
}


@phdthesis{
Brossier2006,
Author = "Paul Brossier",
Title = {Automatic Annotation of Musical Audio for Interactive Applications},
School = {Centre for Digital Music, Queen Mary, University of London},
Year = {2006}
}

@misc{wiki:inharmonicity,
Author = "Wikipedia",
Title = "Inharmonicity",
Month = "January",
Year = "2014",
Url = "http://en.wikipedia.org/wiki/Inharmonicity"
}

@book{FletcherRossing,
Author = "Fletcher and Rossing",
Title = "",
Year = "1998"
}

@book{Klapuri2006,
Author = "Anssi Klapuri and Manual Davy",
Title = "Signal Processing Methods for Music Transcription",
Year = "2006",
Publisher = "Springer"
}

@book{Roads1996,
Author = "Curtis Roads",
Title = "The Computer Music Tutorial",
Year = "1996",
Publisher = "The MIT Press"
}

@incollection{Hermes1992,
Author = "D. Hermes",
Title = "Pitch analysis",
Booktitle = "Visual Representations of Speech Signals",
Publisher = "New York: John Wiley and Sons",
Year = "1992"
}

@book{Collins2010,
Author = "Nick Collins",
Title = "Introduction to Computer Music",
Year = "2010",
Publisher = "John Wiley and Sons"
}

@article{Bello2005,
Author = "Juan Pablo Bello",
Title = "A Tutorial on Onset Detection in Music Signals",
Year = "2005"
}

@inproceedings{Klapuri1999,
Author = "Anssi Klapuri",
Title = "Pitch Estimation Using Multiple Independent Time-Frequency Windows",
Year = "1999",
Booktitle = "Proceedings of the IEEE Workshop on Applications of Signal Processing to Audio and Acoustics"
}

@inproceedings{Klapuri2003,
Author = "Anssi Klapuri",
Title = "Multiple frequency estimation based on harmonicity and spectral smoothness",
Year = "2003",
Booktitle = "IEEE Transactions on Speech and Audio Processing"}

@misc{BelloPickens2005,
Author = "Juan Pablo Bello, Jeremy Pickens",
Title = "A Robust Mid-level Representation for Harmonic Content in Music Signals",
Year = "2005",
Publisher = "Centre for Digital Music, Queen Mary, University of London"
}

@incollection{Davy2006,
Author = "Manuel Davy",
Title = "Multiple Fundamental Frequency Estimation Based on Generative Models",
Booktitle = "Signal Processing Methods for Music Transcription",
Publisher = "Springer",
Year = "2006"
}

@misc{notesWebsite,
Title = "Music Notation",
Author = "Paolo Nesi",
Month = "January",
Year = "2014",
URL = "http://dsii.dsi.unifi.it/~moods/moods/mus_not.htm"
}
